@article{chang1994identification,
  title={Identification of herpesvirus-like DNA sequences in AIDS-associated Kaposi's sarcoma},
  author={Chang, Yuan and Cesarman, Ethel and Pessin, Melissa S and Lee, Frank and Culpepper, Janice and Knowles, Daniel M and Moore, Patrick S},
  journal={Science},
  volume={266},
  number={5192},
  pages={1865--1869},
  year={1994},
  publisher={American Association for the Advancement of Science}
}
@article{chen2013virusseq,
  title={VirusSeq: software to identify viruses and their integration sites using next-generation sequencing of human cancer tissue},
  author={Chen, Yunxin and Yao, Hui and Thompson, Erika J and Tannir, Nizar M and Weinstein, John N and Su, Xiaoping},
  journal={Bioinformatics},
  volume={29},
  number={2},
  pages={266--267},
  year={2013},
  publisher={Oxford Univ Press}
}
@article{feng2008clonal,
  title={Clonal integration of a polyomavirus in human Merkel cell carcinoma},
  author={Feng, Huichen and Shuda, Masahiro and Chang, Yuan and Moore, Patrick S},
  journal={Science},
  volume={319},
  number={5866},
  pages={1096--1100},
  year={2008},
  publisher={American Association for the Advancement of Science}
}
@article{huang2012art,
  title={ART: a next-generation sequencing read simulator},
  author={Huang, Weichun and Li, Leping and Myers, Jason R and Marth, Gabor T},
  journal={Bioinformatics},
  volume={28},
  number={4},
  pages={593--594},
  year={2012},
  publisher={Oxford Univ Press}
}
@article{kostic2011pathseq,
  title={PathSeq: software to identify or discover microbes by deep sequencing of human tissue},
  author={Kostic, Aleksandar D and Ojesina, Akinyemi I and Pedamallu, Chandra Sekhar and Jung, Joonil and Verhaak, Roel GW and Getz, Gad and Meyerson, Matthew},
  journal={Nature biotechnology},
  volume={29},
  number={5},
  pages={393--396},
  year={2011},
  publisher={Nature Publishing Group}
}
@article{li2013viralfusionseq,
  title={ViralFusionSeq: accurately discover viral integration events and reconstruct fusion transcripts at single-base resolution},
  author={Li, Jing-Woei and Wan, Raymond and Yu, Chi-Shing and Wong, Nathalie and Chan, Ting-Fung and others},
  journal={Bioinformatics},
  pages={btt011},
  year={2013},
  publisher={Oxford Univ Press}
}
@article{malmgren1955localization,
  title={Localization of the vegetative form of Clostridium tetani in mouse tumors following intravenous spore administration},
  author={Malmgren, Richard A and Flanigan, Clyde C},
  journal={Cancer research},
  volume={15},
  number={7},
  pages={473--478},
  year={1955},
  publisher={AACR}
}
@article{strong2014microbial,
  title={Microbial contamination in next generation sequencing: implications for sequence-based analysis of clinical samples},
  author={Strong, Michael J and Xu, Guorong and Morici, Lisa and Bon-Durant, Sandra Splinter and Baddoo, Melody and Lin, Zhen and Fewell, Claire and Taylor, Christopher M and Flemington, Erik K},
  journal={PLoS Pathog},
  volume={10},
  number={11},
  pages={e1004437},
  year={2014},
  publisher={Public Library of Science}
}
@article{warren2013co,
  title={Co-occurrence of anaerobic bacteria in colorectal carcinomas},
  author={Warren, Ren{\'e} L and Freeman, Douglas J and Pleasance, Stephen and Watson, Peter and Moore, Richard A and Cochrane, Kyla and Allen-Vercoe, Emma and Holt, Robert A},
  journal={Microbiome},
  volume={1},
  number={1},
  pages={1},
  year={2013},
  publisher={BioMed Central}
}
@article{zhang2015identification,
  title={Identification of low abundance microbiome in clinical samples using whole genome sequencing},
  author={Zhang, Chao and Cleveland, Kyle and Schnoll-Sussman, Felice and McClure, Bridget and Bigg, Michelle and Thakkar, Prashant and Schultz, Nikolaus and Shah, Manish A and Betel, Doron},
  journal={Genome biology},
  volume={16},
  number={1},
  pages={1--16},
  year={2015},
  publisher={Springer}
}