@article{malmgren1955localization,
  title={Localization of the vegetative form of Clostridium tetani in mouse tumors following intravenous spore administration},
  author={Malmgren, Richard A and Flanigan, Clyde C},
  journal={Cancer research},
  volume={15},
  number={7},
  pages={473--478},
  year={1955},
  publisher={AACR}
}
